<?xml version="1.0" encoding="UTF-8"?><collection xmlns="http://www.loc.gov/MARC21/slim"><record><leader>00382nam--2200133-i-4500</leader><controlfield tag="001">000007912</controlfield><controlfield tag="002">20161230</controlfield><controlfield tag="005">20161230201027</controlfield><controlfield tag="008">060222s1000------------r-----000-0-eng-d</controlfield><datafield ind1=" " ind2=" " tag="080"><subfield code="a">621.039.562.24:539.1.075</subfield></datafield><datafield ind1=" " ind2=" " tag="100"><subfield code="a">Blaho, D</subfield></datafield><datafield ind1=" " ind2=" " tag="245"><subfield code="a">Elektronicka aparatura pro rizeni reaktoru</subfield></datafield><datafield ind1=" " ind2=" " tag="260"><subfield code="a">Praha, Informacni Strdisko Pro Jadernou Energi I, 1966. 5 P. Cu 4 Fig</subfield></datafield><datafield ind1=" " ind2=" " tag="852"><subfield code="a">18758</subfield></datafield></record></collection>